<?xml version="1.0" encoding="UTF-8"?><collection xmlns="http://www.loc.gov/MARC21/slim"><record><leader>00393nam--2200133-i-4500</leader><controlfield tag="001">000040924</controlfield><controlfield tag="002">20161230</controlfield><controlfield tag="005">20161230201042</controlfield><controlfield tag="008">060222s1000------------r-----000-0-eng-d</controlfield><datafield ind1=" " ind2=" " tag="080"><subfield code="a">621.187.12</subfield></datafield><datafield ind1=" " ind2=" " tag="100"><subfield code="a">Scrob, M.S</subfield></datafield><datafield ind1=" " ind2=" " tag="245"><subfield code="a">Pregatirea si tratarea apei industriale. trad.din l.rusa. numai pentru uz intern si documentare</subfield></datafield><datafield ind1=" " ind2=" " tag="260"><subfield code="a">Bucuresti, Ed.Energ.De Stat, 1952, 356p</subfield></datafield><datafield ind1=" " ind2=" " tag="852"><subfield code="a">26239</subfield></datafield></record></collection>